@INPROCEEDINGS{Brand02incrementalsingular,
    author = {Matthew Brand},
    title = {Incremental Singular Value Decomposition Of Uncertain Data With Missing Values},
    booktitle = {In ECCV},
    year = {2002},
    pages = {707--720}
}